@ARTICLE{Karatas,
  author={Karatas, Gozde and Demir, Onder and Sahingoz, Ozgur Koray},
  journal={IEEE Access}, 
  title={Increasing the Performance of Machine Learning-Based IDSs on an Imbalanced and Up-to-Date Dataset}, 
  year={2020},
  volume={8},
  number={},
  pages={32150-32162},
  doi={10.1109/ACCESS.2020.2973219}}

@ARTICLE{Jiang,
  author={Jiang, Kaiyuan and Wang, Wenya and Wang, Aili and Wu, Haibin},
  journal={IEEE Access}, 
  title={Network Intrusion Detection Combined Hybrid Sampling With Deep Hierarchical Network}, 
  year={2020},
  volume={8},
  number={},
  pages={32464-32476},
  doi={10.1109/ACCESS.2020.2973730}}

@article{Mighan,
  title = {A novel scalable intrusion detection system based on deep learning},
  volume = {20},
  ISSN = {1615-5270},
  url = {http://dx.doi.org/10.1007/s10207-020-00508-5},
  DOI = {10.1007/s10207-020-00508-5},
  number = {3},
  journal = {International Journal of Information Security},
  publisher = {Springer Science and Business Media LLC},
  author = {Mighan,  Soosan Naderi and Kahani,  Mohsen},
  year = {2020},
  month = jun,
  pages = {387-403}
}

@Article{Khan,
AUTHOR = {Khan, Muhammad Ashfaq},
TITLE = {HCRNNIDS: Hybrid Convolutional Recurrent Neural Network-Based Network Intrusion Detection System},
JOURNAL = {Processes},
VOLUME = {9},
YEAR = {2021},
NUMBER = {5},
ARTICLE-NUMBER = {834},
URL = {https://www.mdpi.com/2227-9717/9/5/834},
ISSN = {2227-9717},
DOI = {10.3390/pr9050834}
}

@article{Zuech,
  title = {Detecting web attacks using random undersampling and ensemble learners},
  volume = {8},
  ISSN = {2196-1115},
  url = {http://dx.doi.org/10.1186/s40537-021-00460-8},
  DOI = {10.1186/s40537-021-00460-8},
  number = {1},
  journal = {Journal of Big Data},
  publisher = {Springer Science and Business Media LLC},
  author = {Zuech,  Richard and Hancock,  John and Khoshgoftaar,  Taghi M.},
  year = {2021},
  month = may 
}

@inproceedings{Kus,
  series = {ASIA CCS '22},
  title = {A False Sense of Security?: Revisiting the State of Machine Learning-Based Industrial Intrusion Detection},
  url = {http://dx.doi.org/10.1145/3494107.3522773},
  DOI = {10.1145/3494107.3522773},
  booktitle = {Proceedings of the 8th ACM on Cyber-Physical System Security Workshop},
  publisher = {ACM},
  author = {Kus,  Dominik and Wagner,  Eric and Pennekamp,  Jan and Wolsing,  Konrad and Fink,  Ina Berenice and Dahlmanns,  Markus and Wehrle,  Klaus and Henze,  Martin},
  year = {2022},
  month = may,
  collection = {ASIA CCS '22}
}

@inproceedings{Perez,
  title={Machine learning for reliable network attack detection in SCADA systems},
  author={Perez, Rocio Lopez and Adamsky, Florian and Soua, Ridha and Engel, Thomas},
  booktitle={2018 17th IEEE international conference on trust, security and privacy in computing and communications/12th IEEE international conference on big data science and engineering (TrustCom/BigDataSE)},
  pages={633--638},
  year={2018},
  organization={IEEE}
}

@article{survey1,
  title = {Survey of intrusion detection systems: techniques,  datasets and challenges},
  volume = {2},
  ISSN = {2523-3246},
  url = {http://dx.doi.org/10.1186/s42400-019-0038-7},
  DOI = {10.1186/s42400-019-0038-7},
  number = {1},
  journal = {Cybersecurity},
  publisher = {Springer Science and Business Media LLC},
  author = {Khraisat,  Ansam and Gondal,  Iqbal and Vamplew,  Peter and Kamruzzaman,  Joarder},
  year = {2019},
  month = jul 
}

@misc{cic2018,
	author = {},
	title = {{I}{D}{S} 2018 | {D}atasets | {R}esearch | {C}anadian {I}nstitute for {C}ybersecurity | {U}{N}{B} --- unb.ca},
	howpublished = {\url{https://www.unb.ca/cic/datasets/ids-2018.html}},
	year = {},
	note = {[Accessed 01-12-2023]},
}

@misc{cic2018data,
	author = {},
	title = {{A} {R}ealistic {C}yber {D}efense {D}ataset ({C}{S}{E}-{C}{I}{C}-{I}{D}{S}2018) - {R}egistry of {O}pen {D}ata on {A}{W}{S} --- registry.opendata.aws},
	howpublished = {\url{https://registry.opendata.aws/cse-cic-ids2018/}},
	year = {},
	note = {[Accessed 01-12-2023]},
}

@INPROCEEDINGS{unsw15,
  author={Moustafa, Nour and Slay, Jill},
  booktitle={2015 Military Communications and Information Systems Conference (MilCIS)}, 
  title={UNSW-NB15: a comprehensive data set for network intrusion detection systems (UNSW-NB15 network data set)}, 
  year={2015},
  volume={},
  number={},
  pages={1-6},
  doi={10.1109/MilCIS.2015.7348942}
}

@article{aids-zero-day,
  title = {Using response action with intelligent intrusion detection and prevention system against web application malware},
  volume = {22},
  ISSN = {0968-5227},
  url = {http://dx.doi.org/10.1108/IMCS-02-2013-0007},
  DOI = {10.1108/imcs-02-2013-0007},
  number = {5},
  journal = {Information Management \& Computer Security},
  publisher = {Emerald},
  author = {Alazab,  Ammar and Hobbs,  Michael and Abawajy,  Jemal and Khraisat,  Ansam and Alazab,  Mamoun},
  year = {2014},
  month = nov,
  pages = {431-449}
}

@techreport{symantec2017,
  author = {Symantec},
  title = {Internet Security Threat Report 2017},
  month = {April},
  year = {2017},
  volume = {22},
  url = {https://www.symantec.com/content/dam/symantec/docs/reports/istr-22-2017-en.pdf}
}

@article{zero-day,
  title = {Zero-day attack detection: a systematic literature review},
  volume = {56},
  ISSN = {1573-7462},
  url = {http://dx.doi.org/10.1007/s10462-023-10437-z},
  DOI = {10.1007/s10462-023-10437-z},
  number = {10},
  journal = {Artificial Intelligence Review},
  publisher = {Springer Science and Business Media LLC},
  author = {Ahmad,  Rasheed and Alsmadi,  Izzat and Alhamdani,  Wasim and Tawalbeh,  Loâ€™ai},
  year = {2023},
  month = feb,
  pages = {10733-10811}
}

@ARTICLE{imbalance,
  author={He, Haibo and Garcia, Edwardo A.},
  journal={IEEE Transactions on Knowledge and Data Engineering}, 
  title={Learning from Imbalanced Data}, 
  year={2009},
  volume={21},
  number={9},
  pages={1263-1284},
  doi={10.1109/TKDE.2008.239}}

